@misc{goyal2020hot,
  title         = {Hot Racquet or Not? An Exploration of Momentum in Grand Slam Tennis Matches},
  author        = {Arjun Goyal and Jeffrey S. Simonoff},
  year          = {2020},
  eprint        = {2009.05830},
  archiveprefix = {arXiv},
  primaryclass  = {stat.AP}
}